%% LaTeX2e file `yonac.bib'
%% generated by the `filecontents' environment
%% from source `yonac' on 2016/07/29.
%%
@Book{ref:supercool,
  author = {Bob Phillips},
  title = {Super Cool Jokes and Games for Kids},
  publisher = {Harvest House Publishers},
  date = {2002-07-01},
  pages = {72}
}
